@book{說文解字,
  author         = {許慎（字叔重）},
  editor         = {徐鉉（字鼎臣）},
  publisher      = {},
  title          = {說文解字大徐本},
  year           = {986}
}
@book{說文繫傳,
  author         = {許慎（字叔重）},
  editor         = {徐鍇（字楚金）},
  publisher      = {},
  title          = {說文解字繫傳〬},
  year           = {南唐}
}
@book{說文段注,
  author         = {段玉裁},
  editor         = {},
  publisher      = {},
  title          = {說文解字注},
  year           = {清嘉慶}
}
@book{說文新證福建,
  author         = {季旭昇},
  editor         = {賴炳偉},
  publisher      = {海峽出版發行集團·福建人民出版社},
  title          = {說文新證},
  year           = {2010/12}
}
@book{說文新證臺灣,
  author         = {季旭昇},
  editor         = {},
  publisher      = {藝文印書館},
  title          = {說文新證},
  year           = {2014/9}
}
@book{甲骨文字根研究,
  author         = {季旭昇},
  editor         = {國立編譯館},
  publisher      = {文史哲出版社},
  title          = {甲骨文字根研究},
  year           = {2003/12}
}
@incollection{金文字根研究,
  author         = {董妍希},
  booktitle      = {國研所集刊第四十六號},
  publisher      = {國研所},
  title          = {金文字根研究},
  year           = {2002/6}
}
@incollection{齊系字根研究,
  author         = {張鵬蕊},
  booktitle      = {中國語言文字研究輯刊},
  publisher      = {花木蘭文化事業有限公司},
  title          = {齊系文字字根研究},
  year           = {2021/9}
}
@mastersthesis{戰國璽印字根研究,
  author  = {何麗香},
  school  = {國立臺灣師範大學文學院國文學系},
  title   = {戰國璽印字根研究},
  year    = {2002}
}
@mastersthesis{滬博簡1_6字根,
  author  = {王瑜楨},
  school  = {淡江大學中國文學學系},
  title   = {《上海博物館藏戰國楚竹書（一）～（六）》字根研究},
  year    = {2011/1}
}
@mastersthesis{滬博簡7_9與清華簡1_3字根,
  author  = {駱珍伊},
  school  = {國立臺灣師範大學國文學系},
  title   = {《上海博物館藏戰國楚竹書（七）～（九）》與《清華大學藏戰國竹簡（壹）～（叄）》字根研究},
  year    = {2015/6}
}
@mastersthesis{說文篆字根研究,
  author  = {李佳信},
  school  = {國立臺灣師範大學文學院國文學系},
  title   = {《說文》小篆字根研究},
  year    = {1999}
}
@book{徐中舒2021甲骨文字典,
  title={甲骨文字典},
  author={徐中舒},
  year={2014},
  publisher={四川辭書出版社}
}
@book{商代字形表,
  author         = {夏大兆},
  editor         = {黃德寬 and 徐在國},
  publisher      = {},
  title          = {商代文字字形表},
  year           = {2017/6}
}
@book{西周字形表,
  author         = {江學旺},
  editor         = {黃德寬 and 徐在國},
  publisher      = {},
  title          = {西周文字字形表},
  year           = {2017/6}
}
@book{春秋字形表,
  author         = {吳國昇},
  editor         = {黃德寬 and 徐在國},
  publisher      = {},
  title          = {春秋文字字形表},
  year           = {2017/6}
}
@book{戰國字形表,
  author         = {徐在國 and 程燕 and 張振謙},
  editor         = {黃德寬 and 徐在國},
  publisher      = {},
  title          = {戰國文字字形表},
  year           = {2017/6}
}
@book{秦字形表,
  author         = {單曉偉},
  editor         = {黃德寬 and 徐在國},
  publisher      = {},
  title          = {秦文字字形表},
  year           = {2017/6}
}
@article{鄔可晶2018曷徹,
  title={戰國時代寫法特殊的“曷”的字形分析，並說“𰕎”及其相關問題},
  author={鄔可晶},
  journal={出土文献與古文字研究},
  number={1},
  pages={170--197},
  year={2018}
}
@article{張富海說井,
  title={說「井」},
  author={張富海},
  journal={出土文獻與古文字研究},
  volume={十},
  pages={126--136},
  year={2022/12/16},
  URL={http://www.fdgwz.org.cn/Web/Show/10974}
}